@BOOK{
  history_of_statistics,
  place={Cambridge, MA},
  title={The history of statistics: the measurement of uncertainty before 1900},
  publisher={Belknap Press of Harvard University Press},
  author={Stigler, Stephen M.},
  year={1998}
}

@book{
  computational_geometry,
  title = {Computational Geometry: Algorithms and Applications},
  author = {Mark de Berg and Otfried Cheong and Marc van Kreveld and Mark Overmars},
  publisher = {Springer},
  year = {2008},
  isbn = {9783540779735}
}

@book{
  computer_simulation_of_liquids,
  author = {Allen, M. P.},
  title = {Computer simulation of liquids},
  publisher = {Oxford University Press},
  year = {2017},
  address = {Oxford},
  isbn = {0198803206}
}

@article{
  doi:10.1137/141000671,
  author = {Jeff Bezanson and Alan Edelman and Stefan Karpinski and Viral B. Shah},
  title = {Julia: A Fresh Approach to Numerical Computing},
  journal = {SIAM Review},
  volume = {59},
  number = {1},
  pages = {65-98},
  year = {2017},
  doi = {10.1137/141000671},
  URL = {https://doi.org/10.1137/141000671},
  eprint = {https://doi.org/10.1137/141000671}
}

@misc{
  excel_linest,
  title = {LINEST function},
  medium = {online},
  howpublished = {https://support.office.com/en-us/article/LINEST-function-84D7D0D9-6E50-4101-977A-FA7ABF772B6D},
  note = {Viděno: 2018-03-30}
}

@misc{
  mff_kdtree,
  title = {Vícerozměrné datové struktury},
  medium = {online},
  howpublished = {http://mj.ucw.cz/vyuka/1718/ds1/10-geom.pdf},
  note = {Viděno 2018/04/03}
}

@inproceedings{Bentley:1976:DMS:800113.803652,
  author = {Bentley, Jon Louis and Shamos, Michael Ian},
  title = {Divide-and-conquer in Multidimensional Space},
  booktitle = {Proceedings of the Eighth Annual ACM Symposium on Theory of Computing},
  series = {STOC '76},
  year = {1976},
  location = {Hershey, Pennsylvania, USA},
  pages = {220--230},
  numpages = {11},
  url = {http://doi.acm.org/10.1145/800113.803652},
  doi = {10.1145/800113.803652},
  acmid = {803652},
  publisher = {ACM},
  address = {New York, NY, USA},
} 

@article{Bentley:1975:MBS:361002.361007,
 author = {Bentley, Jon Louis},
 title = {Multidimensional Binary Search Trees Used for Associative Searching},
 journal = {Commun. ACM},
 issue_date = {Sept. 1975},
 volume = {18},
 number = {9},
 month = sep,
 year = {1975},
 issn = {0001-0782},
 pages = {509--517},
 numpages = {9},
 url = {http://doi.acm.org/10.1145/361002.361007},
 doi = {10.1145/361002.361007},
 acmid = {361007},
 publisher = {ACM},
 address = {New York, NY, USA},
 keywords = {associative retrieval, attribute, binary search trees, binary tree insertion, information retrieval system, intersection queries, key, nearest neighbor queries, partial match queries},
}

